@article{zadeh,
 author = {Zadeh, Lotfi A.},
 title = {Fuzzy Logic, Neural Networks, and Soft Computing},
 journal = {Commun. ACM},
 issue_date = {March 1994},
 volume = {37},
 number = {3},
 month = mar,
 year = {1994},
 issn = {0001-0782},
 pages = {77--84},
 numpages = {8},
 url = {http://doi.acm.org/10.1145/175247.175255},
 doi = {10.1145/175247.175255},
 acmid = {175255},
 publisher = {ACM},
 address = {New York, NY, USA},
} 

@inproceedings{oliveira_smart_2015,
	location = {{HI}, {USA}},
	title = {From Smart Cities to Human Smart Cities},
	isbn = {978-1-4799-7367-5},
	url = {http://ieeexplore.ieee.org/document/7070095/},
	doi = {10.1109/HICSS.2015.281},
	abstract = {This paper argues that current technology-driven implementations of Smart Cities, although being an important step in the right direction, fall short in exploiting the most important human dimension of cities. The paper argues therefore in support of the concept of Human Smart Cities.},
	eventtitle = {2015 48th Hawaii International Conference on System Sciences ({HICSS})},
	pages = {2336--2344},
	booktitle = {2015 48th Hawaii International Conference on System Sciences},
	publisher = {{IEEE}},
	author = {Oliveira, Alvaro and Campolargo, Margarida},
	urldate = {2021-11-18},
	date = {2015-01},
	langid = {english},
	year = {2015}
}

@Misc{nltk,
    key = {NLTK : Natural Language Toolkit},
	title = {NLTK : Natural Language Toolkit},
	url = {https://www.nltk.org/},
	howpublished = {\url{https://www.nltk.org/}}, 
	urldate = {2021-12-28},
}

@Misc{Docker,
    author = {Docker},
    key = {Docker},
	title = {Docker},
	howpublished = {\url{https://www.docker.com/}}, 
	url = {https://www.docker.com/},
	urldate = {2021-12-28}
}

@Misc{Solr,
    key = {Apache Solr},
	title = {Apache Solr},
	howpublished = {\url{https://solr.apache.org/}}, 
	url = {https://solr.apache.org/},
	urldate = {2021-12-28}
}

@Misc{apache_solr_reference_guide_requesthandlers,
    key = {Apache Solr Reference Guide: RequestHandlers and Search Components in SolrConfig},
	title = {Apache Solr Reference Guide: RequestHandlers and Search Components in SolrConfig},
	howpublished = {\url{https://solr.apache.org/guide/8_11/requesthandlers-and-searchcomponents-in-solrconfig.html}}, 
	url = {https://solr.apache.org/guide/8_11/requesthandlers-and-searchcomponents-in-solrconfig.html},
	urldate = {2021-12-29}
}

@Misc{apache_tika,
    key = {Apache Tika},
	title = {Apache Tika},
	howpublished = {\url{https://tika.apache.org/}}, 
	url = {https://tika.apache.org/},
	urldate = {2021-12-28}
}

@book{rajaraman_mining_2014,
	title = {Mining of Massive Datasets},
	isbn = {978-1-139-16173-2 978-1-139-15968-5 978-1-139-05845-2},
	url = {http://infolab.stanford.edu/~ullman/mmds.html#original},
	author = {Rajaraman, Anand and Leskovec, Jure and Ullman, Jeffrey D},
	urldate = {2021-12-28},
	date = {2014},
	year = {2014},
	note = {{OCLC}: 870899769},
	publisher = {Stanford University}
}

@article{Denzler2015BuildingAH,
  title={Building a Hierarchical, Granular Knowledge Cube},
  author={Alexander Denzler and Marcel Wehrle and Andreas Meier},
  journal={World Academy of Science, Engineering and Technology, International Journal of Mathematical, Computational, Physical, Electrical and Computer Engineering},
  year={2015},
  volume={9},
  pages={334-340}
}

@INPROCEEDINGS {EEL,
author = {L. Streeter and K. Lochbaum},
booktitle = {Proceedings. The Fourth Conference on Artificial Intelligence Applications},
title = {An expert/expert-locating system based on automatic representation of semantic structure},
year = {1988},
volume = {},
issn = {},
pages = {345,346,347,348,349,350},
keywords = {humans;information retrieval;expert systems;space technology;research and development;matrix decomposition;singular value decomposition;vocabulary;knowledge acquisition;encyclopedias},
doi = {10.1109/CAIA.1988.196129},
url = {https://doi.ieeecomputersociety.org/10.1109/CAIA.1988.196129},
publisher = {IEEE Computer Society},
address = {Los Alamitos, CA, USA},
month = {mar}
}